

%%
%% Artikel dari jurnal
%%

@ARTICLE{paper21Arens,
	author = {Arens, E. and Zhang, H. and Huizenga, C.},
	title = {{Partial- and Whole-body Thermal Sensation and Comfort— Part I Uniform Environmental Conditions}},
	journal = {Journal of Thermal Biology, Elsevier Ltd.},
	year = {2006},
	volume = {31},
	pages = {53-59}
}

@ARTICLE{paper21JYLee,
	author = {Lee, J.Y. and Saat, M. and Chou, C. and Hashiguchi, N. and Wijayanto, T. and Wakabayashi, H. and Tochihara, Y.},
	title = {{Cutaneous Warm and Cool Sensation Thresholds and the Inter-threshold Zone in Malaysian and Japanese Males}},
	journal = {Journal of Thermal Biology, Elsevier Ltd.},
	year = {2010},
	volume = {35},
	pages = {70-76}
}

@ARTICLE{paper21Veronica,
	author = {Soebarto, V. and Zhang, H. and Schiavon, S.},
	title = {{A Thermal Comfort Environmental Chamber Study of Older and Younger People}},
	journal = {Journal of Building and Environment, Elsevier Ltd.},
	year = {2019},
	volume = {155},
	pages = {1-14}
}

@ARTICLE{paper31APLeskinen,
	author = {Leskinen, A.P. and Jokiniemi, J.K. and Lehtinen, K.E.J.},
	title = {{Characterization of Aging Wood Chip Combustion Aerosol in an Environmental Chamber}},
	journal = {Journal of Atmospheric Environment, Elsevier Ltd.},
	year = {2007},
	volume = {41},
	pages = {3713-3721}
}

@ARTICLE{paper31WHe,
	author = {He, W. and Xu, G. and Shen, R.},
	title = {{Control of Temperature Uniformity in the Temperature Chamber With Centrifugal Acceleration}},
	journal = {Journal of Process Control, Elsevier Ltd.},
	year = {2014},
	volume = {24},
	pages = {1-6}
}

@ARTICLE{paper31AHuguet,
	author = {Huguet, A. and Francez, A. and Dung, M. and Fosse, C. and Derenne, S.},
	title = {{A Climatic Chamber Experiment to Test the Short Term Effect of Increasing Temperature on Branched GDGT Distribution in Sphagnum Peat}},
	journal = {Journal of Organic Geochemistry, Elsevier Ltd. },
	year = {2014},
	volume = {73},
	pages = {109-112}
}

@ARTICLE{paper31Emartinez,
	author = {Martinez, E. and Agosta, S.J.},
	title = {{Budget-Limited Thermal Biology: Design, Construction and Performance of a Large, Walk-in Style Temperature-Controlled Chamber}},
	journal = {Journal of Thermal Biology, Elsevier Ltd.},
	year = {2016},
	volume = {58},
	pages = {29-34}
}

@ARTICLE{paper31EJofre,
	author = {Jofre-reche, J.A. and Su, J.C. and Alia, C.},
	title = {{Characterization of the Chemical Structure of Vinyl Ester Resin in a Climate Chamber Under Different Conditions of Degradation}},
	journal = {Journal of Polymer Degradation and Stability, Elsevier Ltd.},
	year = {2018},
	volume = {153},
	pages = {88-99}
}

@ARTICLE{paper31Srinivasa,
	author = {Srinivasa, A. and Das, S. and Kottyen, H. and Ashok, V. and Shankarrao, P.},
	title = {{The Effect of Cold Chamber Temperature on the Cadaver's Electrolyte Changes in Vitreous Humor and Plasma}},
	journal = {Journal of Forensic and Legal Medicine, Elsevier Ltd.},
	year = {2019},
	volume = {62},
	pages = {87-91}
}

@ARTICLE{paper22JJkim,
	author = {Moon, J.W. and Kim,  J.J.},
	title = {{ANN-Based Thermal Control Models for Residential Buildings}},
	journal = {Journal of Building and Environment, Elsevier Ltd.},
	year = {2010},
	volume = {45},
	pages = {1612-1625}
}

@ARTICLE{paper22SKJung,
	author = {Moon, J.W. and Jung, S.K. and Kim, Y. and Han, S.H.},
	title = {{Comparative Study of Artificial Intelligence-Based Building Thermal Control
	Methods - Application of Fuzzy, Adaptive Neuro-Fuzzy Inference System,
	and Artificial Neural Network}},
	journal = {Journal of Applied Thermal Engineering, Elsevier Ltd.},
	year = {2011},
	volume = {31},
	pages = {2422-2429}
}

@ARTICLE{paper22JanDrgona,
	author = {Drgoňa, J. and Picard, D. and Kvasnica, M. and Helsen, L.},
	title = {{Approximate Model Predictive Building Control via Machine Learning}},
	journal = {Journal of Applied Energy, Elsevier Ltd.},
	year = {2018},
	volume = {218},
	pages = {199-216}
}

@ARTICLE{paper42Paisan,
	author = {Hussain, M.A. and Kittisupakorn, P. and Daosud, W.},
	title = {{Implementation of Neural-Network-Based Inverse-Model Control Strategies on an Exothermic Reactor}},
	journal = {ScienceAsia},
	year = {2001},
	volume = {27},
	pages = {41-50}}
}

@ARTICLE{paper42Hussain,
	author = {Hussain, M.A. and Ali, J.M. and Khan, M.J.H.},
	title = {{Neural Network Inverse Model Control Strategy: Discrete-Time Stability Analysis for Relative Order Two Systems}},
	journal = {Hindawi},
	year = {2014},
	volume = {},
	pages = {}}
}

@ARTICLE{paper42LMa,
	author = {Ma, L. and Lee, K.Y. and Wang, Z.},
	title = {{Intelligent Coordinated Controller Design for a 600 MW Supercritical Boiler Unit Based on Expanded-Structure Neural Network Inverse Models}},
	journal = {Journal of Control Engineering Practice, Elsevier Ltd.},
	year = {2016},
	volume = {53},
	pages = {194-201}
}

%%
%% Diktat kuliah
%%

%%
%%  Materi presentasi atau tatap muka di kelas
%%

%%
%%  Komunikasi pribadi
%%

%%
%%  Buku teks
%%

@BOOK{ASHRAE55,
	title = {{ANSI/ASHRAE Standard 55-2010 Thermal Environmental Conditions for Human Occupancy}},
	publisher = {American Society of Heating, Refrigerating, and Air-Conditioning Engineers, Inc.},
	year = {2010},
	author = {ASHRAE},
	address = {Atlanta, GA}
}

@BOOK{SNI-03-06390-2000,
	title = {{SNI 03-6390-2000: Konservasi Energi Sistem Tata Udara pada Bangunan Gedung}},
	publisher = {Badan Standardisasi Nasional},
	year = {2000},
	author = {BSN},
	address = {}
}

@BOOK{IEA,
	title = {{ENERGY EFFICIENCY 2017 Laporan Khusus: Efisiensi Energi di Indonesia}},
	publisher = {International Energy Agency},
	year = {2017},
	author = {IEA},
	address = {Indonesia}
}

@BOOK{book1,
	title = {{Military Quantitative Physiology: Problems and Concepts in Military Operational Medicine}},
	publisher = {Office of The Surgeon General Borden Institute},
	year = {2012},
	author = {William R. Santee and William T. Matthew},
	address = {Fort Detrick, Maryland},
}

@BOOK{BuildingPhysics,
	title = {{Building Physics - Heat, Air and Moisture: Fundamentals and Engineering Methods with Examples and Exercises}},
	publisher = {Ernst and Sohn},
	year = {2007},
	author = {Hugo Hens},
	address = {Berlin, Germany},
}

@BOOK{HeatTransferIncropera,
	title = {{Fundamentals of Heat and Mass Transfer}},
	publisher = {John Wiley and Sons},
	year = {2011},
	author = {Theodore L. Bergman and Adrienne S. Lavine and Frank P. Incropera and David P. Dewitt},
	address = {United State of America},
}

@BOOK{ControlSystemBook,
	title = {{Control System Engineering}},
	publisher = {John Wiley and Sons, Inc.},
	year = {2011},
	author = {Norman S. Nise},
	address = {United State of America},
}

@BOOK{NNControlBook,
	title = {{Neural Network Control of Nonlinear Discrete-Time Systems}},
	publisher = {Taylor and Francis Group, LLC},
	year = {2006},
	author = {Jagannathan Sarangapani},
	address = {United State of America},
}

@BOOK{HandsOnML,
	title = {{Hands-On Machine Learning with Scikit-Learn and TensorFlow}},
	publisher = {O’Reilly Media, Inc.},
	year = {2017},
	author = {Aurélien Géron},
	address = {United State of America},
}

%%
%% Tesis S2
%%

%%
%% Disertasi S3
%%

@DISERTASI{MPCDissertation,
  author = {Drgoňa, J.},
  title = {{Model Predictive Control with Applications in Building Thermal Comfort}},
  school = {Slovak University of Technology in Bratislava},
  year = {2017},
  address = {Vazovova 5, 811 07 Bratislava, Slovakia}
}

%%
%% Skripsi S1
%%

@SKRIPSI{skripsiIchfan,
  author = {Kurniawan, I.},
  title = {{Karakterisasi Lingkungan Termal Chamber Iklim Menggunakan Metode Simulasi CFD Dengan Perangkat Lunak IES VE}},
  school = {Departemen Teknik Nuklir dan Teknik Fisika, Fakultas Teknik, Universitas Gadjah Mada},
  year = {2019},
  address = {Yogyakarta}
}

@SKRIPSI{skripsiTanto,
	author = {Hartanto, T.},
	title = {{Pemodelan Lingkungan Termal Sistem Climate Chamber Dengan Metode Jaringan Saraf Tiruan}},
	school = {Departemen Teknik Nuklir dan Teknik Fisika, Fakultas Teknik, Universitas Gadjah Mada},
	year = {2020},
	address = {Yogyakarta}
}

@SKRIPSI{skripsiMuna,
	author = {Nadiya, N.M.},
	title = {{Analisis Pengaruh Perubahan Lingkungan Termal terhadap Perubahan Level Sensasi Termal}},
	school = {Departemen Teknik Nuklir dan Teknik Fisika, Fakultas Teknik, Universitas Gadjah Mada},
	year = {2020},
	address = {Yogyakarta}
}

%%
%% Laporan Kerja Praktek
%%


%%
%% Laporan Penelitian
%%

%%
%% Artikel pada prosiding seminar
%%


%%
%% Dokumen teknis
%%



%%
%% Artikel pada majalah atau surat kabar
%%


%%
%% Halaman dari situs internet
%%

%%
%% Artikel atau file yang didownload dari situs internet
%%
